<record><leader>00000cas a2200000 a 4500</leader><controlfield tag="001">8800992</controlfield><controlfield tag="008">820923d18901906ksudn ne      0   a0eng  </controlfield><controlfield tag="009">466</controlfield><datafield ind1=" " ind2=" " tag="010"><subfield code="a">sn 82014635 </subfield></datafield><datafield ind1=" " ind2=" " tag="040"><subfield code="a">DLC</subfield><subfield code="b">eng</subfield><subfield code="c">DLC</subfield><subfield code="d">NPW</subfield><subfield code="d">NPT</subfield><subfield code="d">DLC</subfield><subfield code="d">CRL</subfield><subfield code="d">CNK</subfield><subfield code="d">OBN</subfield><subfield code="d">OCLCQ</subfield><subfield code="d">DLC</subfield><subfield code="d">OCLCF</subfield></datafield><datafield ind1=" " ind2=" " tag="012"><subfield code="l">a</subfield></datafield><datafield ind1="1" ind2=" " tag="022"><subfield code="a">2158-8880</subfield><subfield code="2">1</subfield></datafield><datafield ind1="1" ind2=" " tag="029"><subfield code="a">AU@</subfield><subfield code="b">000025820177</subfield></datafield><datafield ind1=" " ind2=" " tag="042"><subfield code="a">pcc</subfield><subfield code="a">nsdp</subfield></datafield><datafield ind1=" " ind2=" " tag="043"><subfield code="a">n-us-ks</subfield></datafield><datafield ind1="0" ind2="0" tag="050"><subfield code="a">Newspaper</subfield></datafield><datafield ind1="0" ind2=" " tag="130"><subfield code="a">Wichita daily eagle (Wichita, Kan. : 1890)</subfield></datafield><datafield ind1=" " ind2="4" tag="222"><subfield code="a">The Wichita daily eagle</subfield><subfield code="b">(Wichita, Kan. 1890)</subfield></datafield><datafield ind1="1" ind2="4" tag="245"><subfield code="a">The Wichita daily eagle.</subfield></datafield><datafield ind1="1" ind2="3" tag="246"><subfield code="a">Daily eagle</subfield></datafield><datafield ind1="1" ind2=" " tag="246"><subfield code="i">Sunday issues &lt;July 9, 1893-&gt; have title:</subfield><subfield code="a">Wichita Sunday eagle</subfield></datafield><datafield ind1=" " ind2=" " tag="260"><subfield code="a">Wichita, Kan. :</subfield><subfield code="b">M.M. Murdock &amp; R.P. Murdock,</subfield><subfield code="c">1890-1906.</subfield></datafield><datafield ind1=" " ind2=" " tag="300"><subfield code="a">v.</subfield></datafield><datafield ind1=" " ind2=" " tag="310"><subfield code="a">Daily (except Mon.)</subfield></datafield><datafield ind1="0" ind2=" " tag="362"><subfield code="a">Vol. 12, no. 104 (Mar. 18, 1890)-v. 44, no. 18 (June 9, 1906).</subfield></datafield><datafield ind1=" " ind2=" " tag="515"><subfield code="a">Vol. 5, no. 53- also has numbering: Whole no. 679-</subfield></datafield><datafield ind1=" " ind2=" " tag="530"><subfield code="a">Also available on microfilm from Bell &amp; Howell Co., Micro Photo Division.</subfield></datafield><datafield ind1=" " ind2=" " tag="530"><subfield code="a">Archived issues are available in digital format as part of the Library of Congress Chronicling America online collection.</subfield></datafield><datafield ind1=" " ind2=" " tag="580"><subfield code="a">Issued also in weekly edition called: Wichita weekly eagle (Wichita, Kan. : 1888).</subfield></datafield><datafield ind1=" " ind2="0" tag="651"><subfield code="a">Wichita (Kan.)</subfield><subfield code="v">Newspapers.</subfield></datafield><datafield ind1=" " ind2="0" tag="651"><subfield code="a">Sedgwick County (Kan.)</subfield><subfield code="v">Newspapers.</subfield></datafield><datafield ind1=" " ind2="7" tag="655"><subfield code="a">Newspapers.</subfield><subfield code="2">fast</subfield><subfield code="0">(OCoLC)fst01423814</subfield></datafield><datafield ind1=" " ind2="7" tag="651"><subfield code="a">Kansas</subfield><subfield code="z">Sedgwick County.</subfield><subfield code="2">fast</subfield><subfield code="0">(OCoLC)fst01209406</subfield></datafield><datafield ind1=" " ind2="7" tag="651"><subfield code="a">Kansas</subfield><subfield code="z">Wichita.</subfield><subfield code="2">fast</subfield><subfield code="0">(OCoLC)fst01207210</subfield></datafield><datafield ind1=" " ind2=" " tag="752"><subfield code="a">United States</subfield><subfield code="b">Kansas</subfield><subfield code="c">Sedgwick</subfield><subfield code="d">Wichita.</subfield></datafield><datafield ind1="0" ind2=" " tag="775"><subfield code="t">Wichita weekly eagle (Wichita, Kan. : 1888)</subfield><subfield code="w">(DLC)sn 85032576</subfield><subfield code="w">(OCoLC)12671418</subfield></datafield><datafield ind1="0" ind2="0" tag="780"><subfield code="t">Wichita eagle (Wichita, Kan. : 1886)</subfield><subfield code="x">2158-9054</subfield><subfield code="w">(DLC)sn 85032490</subfield><subfield code="w">(OCoLC)12607432</subfield></datafield><datafield ind1="0" ind2="0" tag="785"><subfield code="t">Wichita eagle (Wichita, Kan. : 1906)</subfield><subfield code="w">(DLC)sn 85032556</subfield><subfield code="w">(OCoLC)12607453</subfield></datafield><datafield ind1="4" ind2="1" tag="856"><subfield code="u">http://www.loc.gov/chroniclingamerica/lccn/sn82014635/issues</subfield></datafield></record>